<record><leader>00000cas a2200000 a 4500</leader><controlfield tag="001">11105790</controlfield><controlfield tag="008">840830c19779999ksuwr ne      0   a0eng d</controlfield><datafield ind1=" " ind2=" " tag="010"><subfield code="a">sn 84029403 </subfield></datafield><datafield ind1=" " ind2=" " tag="040"><subfield code="a">KSH</subfield><subfield code="b">eng</subfield><subfield code="c">KSH</subfield><subfield code="d">NPT</subfield><subfield code="d">OCL</subfield><subfield code="d">OCLCQ</subfield></datafield><datafield ind1=" " ind2=" " tag="042"><subfield code="a">msc</subfield></datafield><datafield ind1="0" ind2="4" tag="245"><subfield code="a">The Chapman advertiser and the Enterprise journal.</subfield></datafield><datafield ind1=" " ind2=" " tag="260"><subfield code="a">Chapman, Kan. :</subfield><subfield code="b">John D. Montgomery and John G. Montgomery,</subfield><subfield code="c">1977-</subfield></datafield><datafield ind1=" " ind2=" " tag="300"><subfield code="a">v. :</subfield><subfield code="b">ill. ;</subfield><subfield code="c">36-58 cm.</subfield></datafield><datafield ind1=" " ind2=" " tag="310"><subfield code="a">Weekly</subfield></datafield><datafield ind1="0" ind2=" " tag="362"><subfield code="a">No. 5 (Sept. 1, 1977)-</subfield></datafield><datafield ind1=" " ind2=" " tag="525"><subfield code="a">Includes supplement called: Enterprise journal, which retains its old numbering system.</subfield></datafield><datafield ind1=" " ind2=" " tag="752"><subfield code="a">United States</subfield><subfield code="b">Kansas</subfield><subfield code="c">Dickinson</subfield><subfield code="d">Chapman.</subfield></datafield><datafield ind1="0" ind2="4" tag="780"><subfield code="t">Chapman advertiser</subfield><subfield code="w">(DLC)sn 84029402</subfield></datafield><datafield ind1="0" ind2="4" tag="780"><subfield code="t">Enterprise journal (Enterprise, Kan. : 1922)</subfield><subfield code="w">(DLC)sn 84029409</subfield></datafield></record>